<record><leader>00000cas a2200000 a 4500</leader><controlfield tag="001">16993557</controlfield><controlfield tag="008">871117c19549999tnuwr ne      0    0eng d</controlfield><datafield ind1=" " ind2=" " tag="010"><subfield code="a">sn 89058324 </subfield></datafield><datafield ind1=" " ind2=" " tag="040"><subfield code="a">MSJ</subfield><subfield code="b">eng</subfield><subfield code="c">MSJ</subfield><subfield code="d">KNP</subfield><subfield code="d">TGN</subfield><subfield code="d">OCL</subfield><subfield code="d">OCLCQ</subfield><subfield code="d">OCLCF</subfield><subfield code="d">OCLCO</subfield></datafield><datafield ind1="1" ind2=" " tag="029"><subfield code="a">AU@</subfield><subfield code="b">000020536649</subfield></datafield><datafield ind1=" " ind2=" " tag="042"><subfield code="a">msc</subfield></datafield><datafield ind1=" " ind2=" " tag="043"><subfield code="a">n-us-tn</subfield></datafield><datafield ind1="0" ind2=" " tag="130"><subfield code="a">News-democrat (Waverly, Tenn.)</subfield></datafield><datafield ind1="1" ind2="0" tag="245"><subfield code="a">News-democrat.</subfield></datafield><datafield ind1=" " ind2=" " tag="260"><subfield code="a">Waverly, Tenn. :</subfield><subfield code="b">[s.n.]</subfield></datafield><datafield ind1=" " ind2=" " tag="300"><subfield code="a">v.</subfield></datafield><datafield ind1=" " ind2=" " tag="310"><subfield code="a">Weekly</subfield></datafield><datafield ind1="1" ind2=" " tag="362"><subfield code="a">Began in Sept. 1954.</subfield></datafield><datafield ind1=" " ind2=" " tag="500"><subfield code="a">Publishers: Multimedia Inc., &lt;1975&gt;-1983; Shopper's Guide Inc., 1983-1984; Kennedy Newspaper Co. Inc., 1984-</subfield></datafield><datafield ind1=" " ind2=" " tag="580"><subfield code="a">Formed by the union of: Waverly-Johnsonville news, and: Democrat-sentinel (Waverly, Tenn.).</subfield></datafield><datafield ind1=" " ind2=" " tag="588"><subfield code="a">Description based on: Vol. 8, no. 32 (Aug. 9, 1957).</subfield></datafield><datafield ind1=" " ind2="0" tag="651"><subfield code="a">Waverly (Tenn.)</subfield><subfield code="v">Newspapers.</subfield></datafield><datafield ind1=" " ind2="0" tag="651"><subfield code="a">Humphreys County (Tenn.)</subfield><subfield code="v">Newspapers.</subfield></datafield><datafield ind1=" " ind2="7" tag="655"><subfield code="a">Newspapers.</subfield><subfield code="2">fast</subfield><subfield code="0">(OCoLC)fst01423814</subfield></datafield><datafield ind1=" " ind2="7" tag="651"><subfield code="a">Tennessee</subfield><subfield code="z">Humphreys County.</subfield><subfield code="2">fast</subfield><subfield code="0">(OCoLC)fst01208896</subfield></datafield><datafield ind1=" " ind2="7" tag="651"><subfield code="a">Tennessee</subfield><subfield code="z">Waverly.</subfield><subfield code="2">fast</subfield><subfield code="0">(OCoLC)fst01224276</subfield></datafield><datafield ind1=" " ind2=" " tag="752"><subfield code="a">United States</subfield><subfield code="b">Tennessee</subfield><subfield code="c">Humphreys</subfield><subfield code="d">Waverly.</subfield></datafield><datafield ind1="1" ind2="4" tag="780"><subfield code="t">Waverly-Johnsonville news</subfield></datafield><datafield ind1="1" ind2="4" tag="780"><subfield code="t">Democrat-sentinel (Waverly, Tenn.)</subfield><subfield code="w">(DLC)sn 98069837</subfield></datafield></record>